@book{martin2015zwinne,
  title={Zwinne wytwarzanie oprogramowania},
  author={Martin, RC},
  journal={Najlepsze zasady, wzorce i praktyki, Helion},
  year={2015}
}
@book{martin2014czysty,
  title={Czysty kod: poznaj najlepsze metody tworzenia doskona{\l}ego kodu},
  author={Martin, Robert C},
  year={2014},
  publisher={Wydawnictwo Helion}
}
@misc{WIKI_HDLC,
	HOWPUBLISHED = "\url{https://pl.wikipedia.org/wiki/High-Level_Data_Link_Control}",
	TITLE = "High-Level Data Link Control",
	NOTE = "25.01.2020"
}
@misc{WIKI_ENG_HDLC,
	HOWPUBLISHED = "\url{https://en.wikipedia.org/wiki/High-Level_Data_Link_Control}",
	TITLE = "High-Level Data Link Control",
	NOTE = "25.01.2020"
}
@misc{KATHREIN_RET_1,
	HOWPUBLISHED = "\url{https://www.kathreinusa.com/support/ret-products/}",
	TITLE = "Elektryczny tilt",
	NOTE = "27.01.2020"
}
@misc{BEAMWIDTH_1,
	HOWPUBLISHED = "\url{http://www.itcmp.pwr.wroc.pl/~jwach/Techniczny\%20EN-PL.htm}",
	TITLE = "Beamwidth",
	NOTE = "27.01.2020"
}
@misc{RADIO_MOBILE_PAGE_1,
	HOWPUBLISHED = "\url{https://www.ve2dbe.com/rmonline_s.asp}",
	TITLE = "Radio Mobile",
	NOTE = "27.01.2020"
}
